@comment{x-kbibtex-personnameformatting=<%l><, %f>}

@inproceedings{rbk,
	journal = "РБК Research",
	title = "{Энергосбережение: приборы учета}",
	year = "2013"
}

@book{qt_net,
	author = "Шлее, Макс",
	isbn = "978-5-9775-0736-3",
	pages = "894",
	publisher = "БХВ-Петербург",
	title = "{Qt 4.8. Профессиональное программирование на C++}",
	year = "2012"
}

@inproceedings{askue_ops,
	language = "russian",
	pages = "34",
	title = "{Вариант построения АСКУЭ}",
	year = "2014"
}

