@comment{x-kbibtex-personnameformatting=<%l><, %f>}

@book{rbk,
	language = "russian",
	title = "{РБК Research. Энергосбережение: приборы учета [Электронный ресурс]}",
	url = "http://marketing.rbc.ru/research/562949989113292.shtml"
}

@article{csp,
	journal = "ЦСП ТУСУР",
	language = "russian",
	title = "{Обзор и варианты построения архитектуры АСКУЭ}",
	year = "2014"
}

@book{qt,
	author = "Шлее, Макс",
	language = "russian",
	publisher = "СПб.: БХВ Петербург",
	title = "{Qt 4.5: Профессиональное программирование на С++}",
	volume = "896",
	year = "2010"
}

@book{tcp,
	author = "Камер, Дуглас",
	chapter = "1",
	isbn = "0-13-018380-6",
	language = "russian",
	publisher = "М.: ``Вильямс''",
	title = "{Сети TCP/IP. Принципы, протоколы и структура}",
	volume = "880",
	year = "2003"
}

@book{vpn,
	author = "Иванов, М. А.",
	language = "russian",
	publisher = "М.: КУДИЦ-ОБРАЗ",
	title = "{Криптографические методы защиты информации в компьютерных системах и сетях}",
	volume = "368",
	year = "2001"
}

@book{ssh,
	author = "Кофлер, Михаэль",
	publisher = "Питер",
	title = "{Linux. Установка, настройка, администрирование}",
	volume = "768",
	year = "2014"
}

@book{OT1,
	author = "Смирнов, Г.В. and Кодолова, Л.И.",
	publisher = "Томск, ТУСУР",
	title = "{Безопасность жизнедеятельности. Учебное пособие}",
	year = "2007"
}

@unpublished{OT2,
	title = "{Гигиенические требования кперсональным
электронно-вычислительным машинам
и организации работы : Санитарно-эпидемиологическиеправила и нормативы
СанПиН 2.2.2/2.4.1340-03 (с изменениями от 25 апреля 2007 г.)}"
}

@unpublished{OT3,
	title = "{``ТОИ Р-45-084-01. Типовая инструкция по охране труда при работе на персональном компьютере''
: утв. Приказом Минсвязи РФ от 02.07.2001 N 162}"
}

@unpublished{threats,
	title = "{Базовая модель угроз безопасности персональных данных при их обработке в информационных системах персональных данных (выписка). ФСТЭК России, 2008 год}"
}

@unpublished{money,
	title = "{Положение об оплате труда работников университета. Приказ ректора от 22.03.2013 г. № 3106. С изменениями от 09.12.2013 г. № 14249}"
}

